@article{batchelor2023,
  title={Dynamic regulation of the p53 pathway in single cells},
  author={Batchelor, Eric and others},
  journal={Nature Reviews Molecular Cell Biology},
  year={2023}
}

@article{merrill2024,
  title={On the Computational Limitations of Parallel-Trained Neural Networks},
  author={Merrill, William and Sabharwal, Ashish},
  journal={Theoretical Computer Science},
  year={2024}
}
